@inproceedings{1995_wadler_monads,
  title={Monads for functional programming},
  author={Wadler, P.},
  booktitle={Int'l School on Advanced Functional Programming},
  pages={24--52},
  year={1995},
  organization={Springer}
}

@article{mcbride2008applicative,
  title={Applicative programming with effects},
  author={McBride, Conor and Paterson, Ross},
  journal={Journal of Functional Programming},
  volume={18},
  number={1},
  pages={1--13},
  year={2008},
  publisher={Cambridge University Press}
}

@inproceedings{marlow2016applicativedo,
  title={Desugaring Haskell's do-notation into applicative operations},
  author={Marlow, Simon and Peyton Jones, Simon and Kmett, Edward and Mokhov, Andrey},
  booktitle={ACM SIGPLAN Notices},
  volume={51},
  number={12},
  pages={92--104},
  year={2016},
  organization={ACM}
}

@inproceedings{swierstra1996parsers,
  title={Deterministic, error-correcting combinator parsers},
  author={Swierstra, S Doaitse and Duponcheel, Luc},
  booktitle={International School on Advanced Functional Programming},
  pages={184--207},
  year={1996},
  organization={Springer}
}

@book{haskell98,
    title = {{H}askell 98 {L}anguage and {L}ibraries: {T}he {R}evised {R}eport},
    author = {Simon {Peyton Jones}},
    year = {2003},
    publisher = {Cambridge University Press}
}

@inproceedings{free-applicatives,
  author = {Paolo Capriotti and Ambrus Kaposi},
  title = {Free applicative functors},
  year = {2014},
  journal = {Proceedings 5th Workshop on Mathematically Structured Functional Programming},
  volume = {153},
  pages = {2-30},
  publisher = {Open Publishing Association}
}

@article{jones2007practical,
  title={Practical type inference for arbitrary-rank types},
  author={Peyton~Jones, Simon and Vytiniotis, Dimitrios and Weirich, Stephanie and Shields, Mark},
  journal={Journal of Functional Programming},
  volume={17},
  number={1},
  pages={1--82},
  year={2007},
  publisher={Cambridge University Press}
}

@inproceedings{marlow2014haxl,
  title={There is no fork: An abstraction for efficient, concurrent, and concise data access},
  author={Marlow, Simon and Brandy, Louis and Coens, Jonathan and Purdy, Jon},
  booktitle={ACM SIGPLAN Notices},
  volume={49},
  number={9},
  pages={325--337},
  year={2014},
  organization={ACM}
}

@article{hutton1998monadic,
  title={Monadic parsing in Haskell},
  author={Hutton, Graham and Meijer, Erik},
  journal={Journal of functional programming},
  volume={8},
  number={4},
  pages={437--444},
  year={1998},
  publisher={Cambridge University Press}
}

@unpublished{dune,
    title = {{Dune: A composable build system}},
    author = {{Jane~Street}},
    year = {2018},
    note = {\url{https://dune.build/}}
}

@unpublished{opam,
    title = {{OCaml Package Manager}},
    author = {{The OPAM team}},
    year = {2018},
    note = {\url{https://opam.ocaml.org/}}
}

@book{bertot2013coq,
  title={Interactive theorem proving and program development: Coq’Art: the calculus of inductive constructions},
  author={Bertot, Yves and Cast{\'e}ran, Pierre},
  year={2013},
  publisher={Springer Science \& Business Media}
}

@article{mokhov2018build,
  title={{Build Systems {\`a} la Carte}},
  author={Mokhov, Andrey and Mitchell, Neil and Peyton Jones, Simon},
  journal={Proceedings of the ACM on Programming Languages},
  volume={2},
  number={ICFP},
  pages={79},
  year={2018},
  publisher={ACM}
}

@inproceedings{wadler1989theorems,
  title={Theorems for free!},
  author={Wadler, Philip},
  booktitle={FPCA},
  volume={89},
  number={4},
  pages={347--359},
  year={1989}
}

@inproceedings{liang1995monad,
  title={Monad transformers and modular interpreters},
  author={Liang, Sheng and Hudak, Paul and Jones, Mark},
  booktitle={Proceedings of the 22nd ACM SIGPLAN-SIGACT symposium on Principles of programming languages},
  pages={333--343},
  year={1995},
  organization={ACM}
}

@inproceedings{build_maintenance,
    author = {Shane McIntosh and Bram Adams and Thanh Nguyen and Yasutaka Kamei and Ahmed Hassan},
    title = {An empirical study of build maintenance effort},
    booktitle = {Proc. ICSE '11},
    year = {2011},
    pages = {141--150},
    publisher = {ACM Press}
}

@unpublished{boolean-blindness,
    title = {{Boolean Blindness}},
    author = {Robert Harper},
    year = {2011},
    note = {\url{https://web.archive.org/web/20110321191234/http://existentialtype.wordpress.com/2011/03/15/boolean-blindness/}}
}

@inproceedings{blondal2018deriving,
  title={Deriving Via},
  author={Bl{\"o}ndal, Baldur and L{\"o}h, Andres and Scott, Ryan},
  booktitle={Proceedings of the 11th ACM Haskell Symposium (Haskell'18)},
  year={2018}
}

@article{moggi1991notions,
  title={Notions of computation and monads},
  author={Moggi, Eugenio},
  journal={Information and computation},
  volume={93},
  number={1},
  pages={55--92},
  year={1991},
  publisher={Elsevier}
}

@article{devriese2012finally,
  title={Finally tagless observable recursion for an abstract grammar model},
  author={Devriese, Dominique and Piessens, Frank},
  journal={Journal of Functional Programming},
  volume={22},
  number={6},
  pages={757--796},
  year={2012},
  publisher={Cambridge University Press}
}

@article{rivas2017notions,
  title={Notions of computation as monoids},
  author={Rivas, Exequiel and Jaskelioff, Mauro},
  journal={Journal of functional programming},
  volume={27},
  year={2017},
  publisher={Cambridge University Press}
}

@inproceedings{megacz2011hardware,
  title={Hardware design with generalized arrows},
  author={Megacz, Adam},
  booktitle={International Symposium on Implementation and Application of Functional Languages},
  pages={164--180},
  year={2011},
  organization={Springer}
}

@article{swierstra2008data,
  title={Data types {\`a} la carte},
  author={Swierstra, Wouter},
  journal={Journal of functional programming},
  volume={18},
  number={4},
  pages={423--436},
  year={2008},
  publisher={Cambridge University Press}
}

@unpublished{fancher2017static,
    title = {{Profunctors, Arrows, \& Static Analysis}},
    author = {Will Fancher},
    year = {2017},
    note = {\url{https://web.archive.org/web/20190307232429/https://elvishjerricco.github.io/2017/03/10/profunctors-arrows-and-static-analysis.html}}
}

@unpublished{fancher2016free,
    title = {{More on Applicative Effects in Free Monads}},
    author = {Will Fancher},
    year = {2016},
    note = {\url{https://web.archive.org/web/20190307232337/https://elvishjerricco.github.io/2016/04/13/more-on-applicative-effects-in-free-monads.html}}
}

@article{pickering2017profunctor,
  title={Profunctor optics: Modular data accessors},
  author={Pickering, Matthew and Gibbons, Jeremy and Wu, Nicolas},
  journal={Art, Science, and Engineering of Programming},
  volume={1},
  number={2},
  year={2017}
}

@inproceedings{devriese2013fixing,
  title={Fixing idioms: a recursion primitive for applicative DSLs},
  author={Devriese, Dominique and Sergey, Ilya and Clarke, Dave and Piessens, Frank},
  booktitle={Proceedings of the ACM SIGPLAN 2013 workshop on Partial evaluation and program manipulation},
  pages={97--106},
  year={2013},
  organization={ACM}
}

@article{hughes2000arrows,
  title={Generalising monads to arrows},
  author={Hughes, John},
  journal={Science of computer programming},
  volume={37},
  number={1-3},
  pages={67--111},
  year={2000},
  publisher={Elsevier}
}

@inproceedings{paterson2001new,
  title={A new notation for arrows},
  author={Paterson, Ross},
  booktitle={ACM SIGPLAN Notices},
  volume={36},
  number={10},
  pages={229--240},
  year={2001},
  organization={ACM}
}

@article{lindley2011idioms,
  title={Idioms are oblivious, arrows are meticulous, monads are promiscuous},
  author={Lindley, Sam and Wadler, Philip and Yallop, Jeremy},
  journal={Electronic notes in theoretical computer science},
  volume={229},
  number={5},
  pages={97--117},
  year={2011},
  publisher={Elsevier}
}

@article{kiselyov2015freer,
  author = {Kiselyov, Oleg and Ishii, Hiromi},
  title = {Freer Monads, More Extensible Effects},
  journal = {SIGPLAN Not.},
  issue_date = {December 2015},
  volume = {50},
  number = {12},
  month = aug,
  year = {2015},
  issn = {0362-1340},
  pages = {94--105},
  numpages = {12}
}

@INPROCEEDINGS{ellson2001graphviz,
    author = {John Ellson and Emden Gansner and Lefteris Koutsofios and Stephen North and Gordon Woodhull and Short Description and Lucent Technologies},
    title = {Graphviz — open source graph drawing tools},
    booktitle = {Lecture Notes in Computer Science},
    year = {2001},
    pages = {483--484},
    publisher = {Springer-Verlag}
}

@inproceedings{gill2015remote,
  title={The remote monad design pattern},
  author={Gill, Andy and Sculthorpe, Neil and Dawson, Justin and Eskilson, Aleksander and Farmer, Andrew and Grebe, Mark and Rosenbluth, Jeffrey and Scott, Ryan and Stanton, James},
  booktitle={ACM SIGPLAN Notices},
  volume={50},
  number={12},
  pages={59--70},
  year={2015},
  organization={ACM}
}

@inproceedings{gibbons2016free,
  title={Free delivery (functional pearl)},
  author={Gibbons, Jeremy},
  booktitle={ACM SIGPLAN Notices},
  volume={51},
  number={12},
  pages={45--50},
  year={2016},
  organization={ACM}
}

@article{leijen2000domain,
  title={Domain specific embedded compilers},
  author={Leijen, Daan and Meijer, Erik},
  journal={ACM Sigplan Notices},
  volume={35},
  number={1},
  pages={109--122},
  year={2000},
  publisher={ACM}
}

@unpublished{selective2019haskell,
    title = {{Implementation of selective applicative functors in Haskell}},
    author = {Andrey Mokhov},
    year = {2019},
    note = {\url{https://hackage.haskell.org/package/selective}}
}

@unpublished{selective2019coq,
    title = {{Implementation of selective applicative functors in Coq}},
    author = {Georgy Lukyanov},
    year = {2019},
    note = {\url{https://web.archive.org/web/20190623213821/https://github.com/tuura/selective-theory-coq/blob/master/src/Control/Selective.v}}
}

@unpublished{selective2019kotlin,
    title = {{Implementation of selective applicative functors in Kotlin}},
    author = {Richard Gibson},
    year = {2019},
    note = {\url{https://web.archive.org/web/20190623213927/https://github.com/arrow-kt/arrow/blob/master/modules/core/arrow-core-data/src/main/kotlin/arrow/typeclasses/Selective.kt}}
}

@unpublished{selective2018purescript,
    title = {{Implementation of selective applicative functors in PureScript}},
    author = {Antti Holvikari},
    year = {2018},
    note = {\url{https://web.archive.org/web/20190623214040/https://github.com/anttih/purescript-selective/blob/master/src/Control/Selective.purs}}
}

@unpublished{selective2019scala,
    title = {{Implementation of selective applicative functors in Scala}},
    author = {Chris Birchall and Hamish Dickson},
    year = {2019},
    note = {\url{https://web.archive.org/web/20190623214126/https://github.com/cb372/cats-selective/blob/master/core/src/main/scala/cats/Selective.scala}}
}

@unpublished{selective2019swift,
    title = {{Implementation of selective applicative functors in Swift}},
    author = {Tom{\'a}s Ruiz-L{\'o}pez},
    year = {2019},
    note = {\url{https://web.archive.org/save/https://github.com/bow-swift/bow/blob/master/Sources/Bow/Typeclasses/Selective.swift}}
}

@unpublished{menendez2013free,
    title = {{Free Applicative Functors in Haskell}},
    author = {Dave Menendez},
    year = {2013},
    note = {\url{https://web.archive.org/web/20190625202450/https://www.eyrie.org/~zednenem/2013/05/27/freeapp}}
}

@unpublished{peebles2019sigma,
    title = {{Sigma Selective}},
    author = {Daniel Peebles},
    year = {2019},
    note = {\url{http://web.archive.org/web/20190625225137/https://gist.github.com/copumpkin/d5bdbc7afda54ff04049b6bdbcffb67e}}
}

@unpublished{mokhov2019selective,
    title = {{Selective applicative functors (blog post)}},
    author = {Andrey Mokhov},
    year = {2018},
    note = {\url{https://web.archive.org/web/20190501160729/https://blogs.ncl.ac.uk/andreymokhov/selective/}}
}

@unpublished{yorgey2009irc,
    title = {{An IRC conversation about Branchy type class}},
    author = {Brent Yorgey and others},
    year = {2009},
    note = {\url{https://web.archive.org/web/20190626003950/https://github.com/snowleopard/selective/blob/master/paper/irc-log-branchy.md}}
}

@unpublished{permyakov2012irc,
    title = {{Applicative functors with branch/choice}},
    author = {Evgeny Permyakov and others},
    year = {2012},
    note = {\url{https://web.archive.org/web/20190626004303/https://mail.haskell.org/pipermail/haskell-cafe/2012-July/102518.html}}
}

@phdthesis{yallop2010phd,
  title={Abstraction for web programming},
  author={Yallop, Jeremy},
  year={2010},
  school={The University of Edinburgh}
}

@inproceedings{dennis1975preliminary,
  title={A preliminary architecture for a basic data-flow processor},
  author={Dennis, Jack B and Misunas, David P},
  booktitle={ACM SIGARCH Computer Architecture News},
  volume={3},
  number={4},
  pages={126--132},
  year={1975},
  organization={ACM}
}

@phdthesis{mokhov2009cpog,
  title={Conditional partial order graphs},
  author={Mokhov, Andrey},
  year={2009},
  school={Newcastle University}
}

@inproceedings{sokolov2018reconfigurable,
  title={Reconfigurable asynchronous pipelines: From formal models to silicon},
  author={Sokolov, Danil and de Gennaro, Alessandro and Mokhov, Andrey},
  booktitle={2018 Design, Automation \& Test in Europe Conference \& Exhibition (DATE)},
  pages={1562--1567},
  year={2018},
  organization={IEEE}
}

@inproceedings{runciman2008smallcheck,
  title={{SmallCheck} and {Lazy SmallCheck}: automatic exhaustive testing for small values},
  author={Runciman, Colin and Naylor, Matthew and Lindblad, Fredrik},
  booktitle={Acm sigplan notices},
  volume={44},
  number={2},
  pages={37--48},
  year={2008},
  organization={ACM}
}

@article{benton2001exceptional,
  title={Exceptional syntax},
  author={Benton, Nick and Kennedy, Andrew},
  journal={Journal of Functional Programming},
  volume={11},
  number={4},
  pages={395--410},
  year={2001},
  publisher={Cambridge University Press}
}

@unpublished{incremental_bind,
    title = {Incremental: A library for incremental computations. Bind, scopes, and invalidation.},
    author = {{Jane~Street}},
    year = {2015},
    note = {\url{https://web.archive.org/web/20190709231158/https://ocaml.janestreet.com/ocaml-core/latest/doc/incremental/Incremental__/Incremental_intf/\#bind,-scopes,-and-invalidation}}
}
